<?xml version="1.0" encoding="UTF-8"?><collection xmlns="http://www.loc.gov/MARC21/slim"><record><leader>00406nam--2200133-i-4500</leader><controlfield tag="001">000039722</controlfield><controlfield tag="002">20161230</controlfield><controlfield tag="005">20161230201042</controlfield><controlfield tag="008">060222s1000------------r-----000-0-eng-d</controlfield><datafield ind1=" " ind2=" " tag="080"><subfield code="a">536.62:539.122</subfield></datafield><datafield ind1=" " ind2=" " tag="100"><subfield code="a">Rothbart, M.A., Galanter, L</subfield></datafield><datafield ind1=" " ind2=" " tag="245"><subfield code="a">Calorimetric calibration of high specific activity gamma sources</subfield></datafield><datafield ind1=" " ind2=" " tag="260"><subfield code="a">Upton, N.Y., Brookhaven National Laboratory, 1965, 5p.+ 7p.Fig</subfield></datafield><datafield ind1=" " ind2=" " tag="852"><subfield code="a">28305</subfield></datafield></record></collection>